%YAML 1.1
%TAG !u! tag:unity3d.com,2011:
--- !u!29 &1
OcclusionCullingSettings:
  m_ObjectHideFlags: 0
  serializedVersion: 2
  m_OcclusionBakeSettings:
    smallestOccluder: 5
    smallestHole: 0.25
    backfaceThreshold: 100
  m_SceneGUID: 00000000000000000000000000000000
  m_OcclusionCullingData: {fileID: 0}
--- !u!104 &2
RenderSettings:
  m_ObjectHideFlags: 0
  serializedVersion: 9
  m_Fog: 0
  m_FogColor: {r: 0.5, g: 0.5, b: 0.5, a: 1}
  m_FogMode: 3
  m_FogDensity: 0.01
  m_LinearFogStart: 0
  m_LinearFogEnd: 300
  m_AmbientSkyColor: {r: 0.212, g: 0.227, b: 0.259, a: 1}
  m_AmbientEquatorColor: {r: 0.114, g: 0.125, b: 0.133, a: 1}
  m_AmbientGroundColor: {r: 0.047, g: 0.043, b: 0.035, a: 1}
  m_AmbientIntensity: 1
  m_AmbientMode: 0
  m_SubtractiveShadowColor: {r: 0.42, g: 0.478, b: 0.627, a: 1}
  m_SkyboxMaterial: {fileID: 10304, guid: 0000000000000000f000000000000000, type: 0}
  m_HaloStrength: 0.5
  m_FlareStrength: 1
  m_FlareFadeSpeed: 3
  m_HaloTexture: {fileID: 0}
  m_SpotCookie: {fileID: 10001, guid: 0000000000000000e000000000000000, type: 0}
  m_DefaultReflectionMode: 0
  m_DefaultReflectionResolution: 128
  m_ReflectionBounces: 1
  m_ReflectionIntensity: 1
  m_CustomReflection: {fileID: 0}
  m_Sun: {fileID: 0}
  m_IndirectSpecularColor: {r: 0.4366756, g: 0.48427194, b: 0.5645252, a: 1}
  m_UseRadianceAmbientProbe: 0
--- !u!157 &3
LightmapSettings:
  m_ObjectHideFlags: 0
  serializedVersion: 11
  m_GIWorkflowMode: 0
  m_GISettings:
    serializedVersion: 2
    m_BounceScale: 1
    m_IndirectOutputScale: 1
    m_AlbedoBoost: 1
    m_EnvironmentLightingMode: 0
    m_EnableBakedLightmaps: 1
    m_EnableRealtimeLightmaps: 0
  m_LightmapEditorSettings:
    serializedVersion: 12
    m_Resolution: 2
    m_BakeResolution: 10
    m_AtlasSize: 512
    m_AO: 0
    m_AOMaxDistance: 1
    m_CompAOExponent: 1
    m_CompAOExponentDirect: 0
    m_ExtractAmbientOcclusion: 0
    m_Padding: 2
    m_LightmapParameters: {fileID: 0}
    m_LightmapsBakeMode: 1
    m_TextureCompression: 1
    m_FinalGather: 0
    m_FinalGatherFiltering: 1
    m_FinalGatherRayCount: 256
    m_ReflectionCompression: 2
    m_MixedBakeMode: 2
    m_BakeBackend: 1
    m_PVRSampling: 1
    m_PVRDirectSampleCount: 32
    m_PVRSampleCount: 256
    m_PVRBounces: 2
    m_PVREnvironmentSampleCount: 256
    m_PVREnvironmentReferencePointCount: 2048
    m_PVRFilteringMode: 2
    m_PVRDenoiserTypeDirect: 0
    m_PVRDenoiserTypeIndirect: 0
    m_PVRDenoiserTypeAO: 0
    m_PVRFilterTypeDirect: 0
    m_PVRFilterTypeIndirect: 0
    m_PVRFilterTypeAO: 0
    m_PVREnvironmentMIS: 0
    m_PVRCulling: 1
    m_PVRFilteringGaussRadiusDirect: 1
    m_PVRFilteringGaussRadiusIndirect: 5
    m_PVRFilteringGaussRadiusAO: 2
    m_PVRFilteringAtrousPositionSigmaDirect: 0.5
    m_PVRFilteringAtrousPositionSigmaIndirect: 2
    m_PVRFilteringAtrousPositionSigmaAO: 1
    m_ShowResolutionOverlay: 1
    m_ExportTrainingData: 0
  m_LightingDataAsset: {fileID: 0}
  m_UseShadowmask: 1
--- !u!196 &4
NavMeshSettings:
  serializedVersion: 2
  m_ObjectHideFlags: 0
  m_BuildSettings:
    serializedVersion: 2
    agentTypeID: 0
    agentRadius: 0.5
    agentHeight: 2
    agentSlope: 45
    agentClimb: 0.4
    ledgeDropHeight: 0
    maxJumpAcrossDistance: 0
    minRegionArea: 2
    manualCellSize: 0
    cellSize: 0.16666667
    manualTileSize: 0
    tileSize: 256
    accuratePlacement: 0
    debug:
      m_Flags: 0
  m_NavMeshData: {fileID: 0}
--- !u!1 &76400441 stripped
GameObject:
  m_CorrespondingSourceObject: {fileID: 1709073399537982, guid: 93fc609ad5bcf4caba87b9a93c34d2e6,
    type: 3}
  m_PrefabInstance: {fileID: 2027113735}
  m_PrefabAsset: {fileID: 0}
--- !u!95 &162580585 stripped
Animator:
  m_CorrespondingSourceObject: {fileID: 95368754126332524, guid: 93fc609ad5bcf4caba87b9a93c34d2e6,
    type: 3}
  m_PrefabInstance: {fileID: 2027113735}
  m_PrefabAsset: {fileID: 0}
--- !u!1 &282840810
GameObject:
  m_ObjectHideFlags: 0
  m_CorrespondingSourceObject: {fileID: 0}
  m_PrefabInstance: {fileID: 0}
  m_PrefabAsset: {fileID: 0}
  serializedVersion: 6
  m_Component:
  - component: {fileID: 282840814}
  - component: {fileID: 282840813}
  - component: {fileID: 282840811}
  - component: {fileID: 282840815}
  - component: {fileID: 282840812}
  - component: {fileID: 282840816}
  m_Layer: 0
  m_Name: AR Camera
  m_TagString: MainCamera
  m_Icon: {fileID: 0}
  m_NavMeshLayer: 0
  m_StaticEditorFlags: 0
  m_IsActive: 1
--- !u!81 &282840811
AudioListener:
  m_ObjectHideFlags: 0
  m_CorrespondingSourceObject: {fileID: 0}
  m_PrefabInstance: {fileID: 0}
  m_PrefabAsset: {fileID: 0}
  m_GameObject: {fileID: 282840810}
  m_Enabled: 1
--- !u!114 &282840812
MonoBehaviour:
  m_ObjectHideFlags: 0
  m_CorrespondingSourceObject: {fileID: 0}
  m_PrefabInstance: {fileID: 0}
  m_PrefabAsset: {fileID: 0}
  m_GameObject: {fileID: 282840810}
  m_Enabled: 1
  m_EditorHideFlags: 0
  m_Script: {fileID: 11500000, guid: 816b289ef451e094f9ae174fb4cf8db0, type: 3}
  m_Name: 
  m_EditorClassIdentifier: 
  m_UseCustomMaterial: 0
  m_CustomMaterial: {fileID: 0}
  m_UseCustomRendererAsset: 0
  m_CustomRendererAsset: {fileID: 0}
--- !u!20 &282840813
Camera:
  m_ObjectHideFlags: 0
  m_CorrespondingSourceObject: {fileID: 0}
  m_PrefabInstance: {fileID: 0}
  m_PrefabAsset: {fileID: 0}
  m_GameObject: {fileID: 282840810}
  m_Enabled: 1
  serializedVersion: 2
  m_ClearFlags: 2
  m_BackGroundColor: {r: 0, g: 0, b: 0, a: 1}
  m_projectionMatrixMode: 1
  m_GateFitMode: 2
  m_FOVAxisMode: 0
  m_SensorSize: {x: 36, y: 24}
  m_LensShift: {x: 0, y: 0}
  m_FocalLength: 50
  m_NormalizedViewPortRect:
    serializedVersion: 2
    x: 0
    y: 0
    width: 1
    height: 1
  near clip plane: 0.1
  far clip plane: 20
  field of view: 60
  orthographic: 0
  orthographic size: 5
  m_Depth: 0
  m_CullingMask:
    serializedVersion: 2
    m_Bits: 4294967295
  m_RenderingPath: -1
  m_TargetTexture: {fileID: 0}
  m_TargetDisplay: 0
  m_TargetEye: 3
  m_HDR: 1
  m_AllowMSAA: 1
  m_AllowDynamicResolution: 0
  m_ForceIntoRT: 0
  m_OcclusionCulling: 1
  m_StereoConvergence: 10
  m_StereoSeparation: 0.022
--- !u!4 &282840814
Transform:
  m_ObjectHideFlags: 0
  m_CorrespondingSourceObject: {fileID: 0}
  m_PrefabInstance: {fileID: 0}
  m_PrefabAsset: {fileID: 0}
  m_GameObject: {fileID: 282840810}
  m_LocalRotation: {x: 0, y: 0, z: 0, w: 1}
  m_LocalPosition: {x: 0, y: 0, z: 0}
  m_LocalScale: {x: 1, y: 1, z: 1}
  m_Children: []
  m_Father: {fileID: 1335839535}
  m_RootOrder: 0
  m_LocalEulerAnglesHint: {x: 0, y: 0, z: 0}
--- !u!114 &282840815
MonoBehaviour:
  m_ObjectHideFlags: 0
  m_CorrespondingSourceObject: {fileID: 0}
  m_PrefabInstance: {fileID: 0}
  m_PrefabAsset: {fileID: 0}
  m_GameObject: {fileID: 282840810}
  m_Enabled: 1
  m_EditorHideFlags: 0
  m_Script: {fileID: 11500000, guid: 5a2a9c34df4095f47b9ca8f975175f5b, type: 3}
  m_Name: 
  m_EditorClassIdentifier: 
  m_Device: 0
  m_PoseSource: 6
  m_PoseProviderComponent: {fileID: 0}
  m_TrackingType: 0
  m_UpdateType: 0
  m_UseRelativeTransform: 1
--- !u!114 &282840816
MonoBehaviour:
  m_ObjectHideFlags: 0
  m_CorrespondingSourceObject: {fileID: 0}
  m_PrefabInstance: {fileID: 0}
  m_PrefabAsset: {fileID: 0}
  m_GameObject: {fileID: 282840810}
  m_Enabled: 1
  m_EditorHideFlags: 0
  m_Script: {fileID: 11500000, guid: 4966719baa26e4b0e8231a24d9bd491a, type: 3}
  m_Name: 
  m_EditorClassIdentifier: 
  m_FocusMode: 1
  m_LightEstimationMode: 1
--- !u!1 &300722051 stripped
GameObject:
  m_CorrespondingSourceObject: {fileID: 2482888593744860627, guid: 93fc609ad5bcf4caba87b9a93c34d2e6,
    type: 3}
  m_PrefabInstance: {fileID: 2027113735}
  m_PrefabAsset: {fileID: 0}
--- !u!114 &300722052
MonoBehaviour:
  m_ObjectHideFlags: 0
  m_CorrespondingSourceObject: {fileID: 0}
  m_PrefabInstance: {fileID: 0}
  m_PrefabAsset: {fileID: 0}
  m_GameObject: {fileID: 300722051}
  m_Enabled: 1
  m_EditorHideFlags: 0
  m_Script: {fileID: -405508275, guid: f70555f144d8491a825f0804e09c671c, type: 3}
  m_Name: 
  m_EditorClassIdentifier: 
  m_Padding:
    m_Left: 0
    m_Right: 0
    m_Top: 0
    m_Bottom: 80
  m_ChildAlignment: 7
  m_Spacing: -774.43
  m_ChildForceExpandWidth: 1
  m_ChildForceExpandHeight: 1
  m_ChildControlWidth: 0
  m_ChildControlHeight: 0
  m_ChildScaleWidth: 0
  m_ChildScaleHeight: 0
--- !u!1 &427002218
GameObject:
  m_ObjectHideFlags: 0
  m_CorrespondingSourceObject: {fileID: 0}
  m_PrefabInstance: {fileID: 0}
  m_PrefabAsset: {fileID: 0}
  serializedVersion: 6
  m_Component:
  - component: {fileID: 427002220}
  - component: {fileID: 427002219}
  - component: {fileID: 427002221}
  - component: {fileID: 427002222}
  m_Layer: 0
  m_Name: AR Session
  m_TagString: Untagged
  m_Icon: {fileID: 0}
  m_NavMeshLayer: 0
  m_StaticEditorFlags: 0
  m_IsActive: 1
--- !u!114 &427002219
MonoBehaviour:
  m_ObjectHideFlags: 0
  m_CorrespondingSourceObject: {fileID: 0}
  m_PrefabInstance: {fileID: 0}
  m_PrefabAsset: {fileID: 0}
  m_GameObject: {fileID: 427002218}
  m_Enabled: 1
  m_EditorHideFlags: 0
  m_Script: {fileID: 11500000, guid: 3859a92a05d4f5d418cb6ca605290e74, type: 3}
  m_Name: 
  m_EditorClassIdentifier: 
  m_AttemptUpdate: 1
--- !u!4 &427002220
Transform:
  m_ObjectHideFlags: 0
  m_CorrespondingSourceObject: {fileID: 0}
  m_PrefabInstance: {fileID: 0}
  m_PrefabAsset: {fileID: 0}
  m_GameObject: {fileID: 427002218}
  m_LocalRotation: {x: 0, y: 0, z: 0, w: 1}
  m_LocalPosition: {x: 0, y: 0, z: 0}
  m_LocalScale: {x: 1, y: 1, z: 1}
  m_Children: []
  m_Father: {fileID: 0}
  m_RootOrder: 2
  m_LocalEulerAnglesHint: {x: 0, y: 0, z: 0}
--- !u!114 &427002221
MonoBehaviour:
  m_ObjectHideFlags: 0
  m_CorrespondingSourceObject: {fileID: 0}
  m_PrefabInstance: {fileID: 0}
  m_PrefabAsset: {fileID: 0}
  m_GameObject: {fileID: 427002218}
  m_Enabled: 1
  m_EditorHideFlags: 0
  m_Script: {fileID: 11500000, guid: fa850fbd5b8aded44846f96e35f1a9f5, type: 3}
  m_Name: 
  m_EditorClassIdentifier: 
--- !u!114 &427002222
MonoBehaviour:
  m_ObjectHideFlags: 0
  m_CorrespondingSourceObject: {fileID: 0}
  m_PrefabInstance: {fileID: 0}
  m_PrefabAsset: {fileID: 0}
  m_GameObject: {fileID: 427002218}
  m_Enabled: 1
  m_EditorHideFlags: 0
  m_Script: {fileID: 11500000, guid: 1eb9777efa8174381b01d319232f7df5, type: 3}
  m_Name: 
  m_EditorClassIdentifier: 
  m_TargetFrameRate: 60
--- !u!1001 &436229796
PrefabInstance:
  m_ObjectHideFlags: 0
  serializedVersion: 2
  m_Modification:
    m_TransformParent: {fileID: 2027113736}
    m_Modifications:
    - target: {fileID: 1824084090208311729, guid: 16ff5a01718da42e08c2f245c2f7c0b5,
        type: 3}
      propertyPath: m_Name
      value: Button2
      objectReference: {fileID: 0}
    - target: {fileID: 1824084090208311726, guid: 16ff5a01718da42e08c2f245c2f7c0b5,
        type: 3}
      propertyPath: m_LocalPosition.x
      value: 0
      objectReference: {fileID: 0}
    - target: {fileID: 1824084090208311726, guid: 16ff5a01718da42e08c2f245c2f7c0b5,
        type: 3}
      propertyPath: m_LocalPosition.y
      value: 0
      objectReference: {fileID: 0}
    - target: {fileID: 1824084090208311726, guid: 16ff5a01718da42e08c2f245c2f7c0b5,
        type: 3}
      propertyPath: m_LocalPosition.z
      value: 0
      objectReference: {fileID: 0}
    - target: {fileID: 1824084090208311726, guid: 16ff5a01718da42e08c2f245c2f7c0b5,
        type: 3}
      propertyPath: m_LocalRotation.x
      value: -0
      objectReference: {fileID: 0}
    - target: {fileID: 1824084090208311726, guid: 16ff5a01718da42e08c2f245c2f7c0b5,
        type: 3}
      propertyPath: m_LocalRotation.y
      value: -0
      objectReference: {fileID: 0}
    - target: {fileID: 1824084090208311726, guid: 16ff5a01718da42e08c2f245c2f7c0b5,
        type: 3}
      propertyPath: m_LocalRotation.z
      value: -0
      objectReference: {fileID: 0}
    - target: {fileID: 1824084090208311726, guid: 16ff5a01718da42e08c2f245c2f7c0b5,
        type: 3}
      propertyPath: m_LocalRotation.w
      value: 1
      objectReference: {fileID: 0}
    - target: {fileID: 1824084090208311726, guid: 16ff5a01718da42e08c2f245c2f7c0b5,
        type: 3}
      propertyPath: m_RootOrder
      value: 1
      objectReference: {fileID: 0}
    - target: {fileID: 1824084090208311726, guid: 16ff5a01718da42e08c2f245c2f7c0b5,
        type: 3}
      propertyPath: m_LocalEulerAnglesHint.x
      value: 0
      objectReference: {fileID: 0}
    - target: {fileID: 1824084090208311726, guid: 16ff5a01718da42e08c2f245c2f7c0b5,
        type: 3}
      propertyPath: m_LocalEulerAnglesHint.y
      value: 0
      objectReference: {fileID: 0}
    - target: {fileID: 1824084090208311726, guid: 16ff5a01718da42e08c2f245c2f7c0b5,
        type: 3}
      propertyPath: m_LocalEulerAnglesHint.z
      value: 0
      objectReference: {fileID: 0}
    - target: {fileID: 1824084090208311726, guid: 16ff5a01718da42e08c2f245c2f7c0b5,
        type: 3}
      propertyPath: m_AnchoredPosition.x
      value: 0
      objectReference: {fileID: 0}
    - target: {fileID: 1824084090208311726, guid: 16ff5a01718da42e08c2f245c2f7c0b5,
        type: 3}
      propertyPath: m_AnchoredPosition.y
      value: 0
      objectReference: {fileID: 0}
    - target: {fileID: 1824084090208311726, guid: 16ff5a01718da42e08c2f245c2f7c0b5,
        type: 3}
      propertyPath: m_SizeDelta.x
      value: 160
      objectReference: {fileID: 0}
    - target: {fileID: 1824084090208311726, guid: 16ff5a01718da42e08c2f245c2f7c0b5,
        type: 3}
      propertyPath: m_SizeDelta.y
      value: 160
      objectReference: {fileID: 0}
    - target: {fileID: 1824084090208311726, guid: 16ff5a01718da42e08c2f245c2f7c0b5,
        type: 3}
      propertyPath: m_AnchorMin.x
      value: 0
      objectReference: {fileID: 0}
    - target: {fileID: 1824084090208311726, guid: 16ff5a01718da42e08c2f245c2f7c0b5,
        type: 3}
      propertyPath: m_AnchorMin.y
      value: 0
      objectReference: {fileID: 0}
    - target: {fileID: 1824084090208311726, guid: 16ff5a01718da42e08c2f245c2f7c0b5,
        type: 3}
      propertyPath: m_AnchorMax.x
      value: 0
      objectReference: {fileID: 0}
    - target: {fileID: 1824084090208311726, guid: 16ff5a01718da42e08c2f245c2f7c0b5,
        type: 3}
      propertyPath: m_AnchorMax.y
      value: 0
      objectReference: {fileID: 0}
    - target: {fileID: 1824084090208311726, guid: 16ff5a01718da42e08c2f245c2f7c0b5,
        type: 3}
      propertyPath: m_Pivot.x
      value: 0.5
      objectReference: {fileID: 0}
    - target: {fileID: 1824084090208311726, guid: 16ff5a01718da42e08c2f245c2f7c0b5,
        type: 3}
      propertyPath: m_Pivot.y
      value: 0.5
      objectReference: {fileID: 0}
    - target: {fileID: 1824084090208311727, guid: 16ff5a01718da42e08c2f245c2f7c0b5,
        type: 3}
      propertyPath: m_OnClick.m_PersistentCalls.m_Calls.Array.size
      value: 0
      objectReference: {fileID: 0}
    - target: {fileID: 1824084090208311727, guid: 16ff5a01718da42e08c2f245c2f7c0b5,
        type: 3}
      propertyPath: m_OnClick.m_PersistentCalls.m_Calls.Array.data[0].m_Target
      value: 
      objectReference: {fileID: 581606166}
    - target: {fileID: 1824084090208311727, guid: 16ff5a01718da42e08c2f245c2f7c0b5,
        type: 3}
      propertyPath: m_AnimationTriggers.m_SelectedTrigger
      value: Selected
      objectReference: {fileID: 0}
    - target: {fileID: 1824084089390005538, guid: 16ff5a01718da42e08c2f245c2f7c0b5,
        type: 3}
      propertyPath: m_textInfo.characterCount
      value: 0
      objectReference: {fileID: 0}
    - target: {fileID: 1824084089390005538, guid: 16ff5a01718da42e08c2f245c2f7c0b5,
        type: 3}
      propertyPath: m_textInfo.wordCount
      value: 0
      objectReference: {fileID: 0}
    - target: {fileID: 1824084089390005538, guid: 16ff5a01718da42e08c2f245c2f7c0b5,
        type: 3}
      propertyPath: m_textInfo.lineCount
      value: 0
      objectReference: {fileID: 0}
    - target: {fileID: 1824084089390005538, guid: 16ff5a01718da42e08c2f245c2f7c0b5,
        type: 3}
      propertyPath: m_textInfo.pageCount
      value: 0
      objectReference: {fileID: 0}
    - target: {fileID: 3909801418277996239, guid: 16ff5a01718da42e08c2f245c2f7c0b5,
        type: 3}
      propertyPath: m_AnchoredPosition.y
      value: 115
      objectReference: {fileID: 0}
    - target: {fileID: 6443949608545563290, guid: 16ff5a01718da42e08c2f245c2f7c0b5,
        type: 3}
      propertyPath: m_TargetGraphic
      value: 
      objectReference: {fileID: 436229797}
    - target: {fileID: 6443949608545563290, guid: 16ff5a01718da42e08c2f245c2f7c0b5,
        type: 3}
      propertyPath: m_OnClick.m_PersistentCalls.m_Calls.Array.data[0].m_Target
      value: 
      objectReference: {fileID: 581606166}
    - target: {fileID: 6443949608545563290, guid: 16ff5a01718da42e08c2f245c2f7c0b5,
        type: 3}
      propertyPath: m_OnClick.m_PersistentCalls.m_Calls.Array.data[0].m_MethodName
      value: SwitchPlacementType
      objectReference: {fileID: 0}
    - target: {fileID: 6443949608545563290, guid: 16ff5a01718da42e08c2f245c2f7c0b5,
        type: 3}
      propertyPath: m_OnClick.m_PersistentCalls.m_Calls.Array.data[0].m_Arguments.m_IntArgument
      value: 1
      objectReference: {fileID: 0}
    m_RemovedComponents: []
  m_SourcePrefab: {fileID: 100100000, guid: 16ff5a01718da42e08c2f245c2f7c0b5, type: 3}
--- !u!114 &436229797 stripped
MonoBehaviour:
  m_CorrespondingSourceObject: {fileID: 1951800139748823388, guid: 16ff5a01718da42e08c2f245c2f7c0b5,
    type: 3}
  m_PrefabInstance: {fileID: 436229796}
  m_PrefabAsset: {fileID: 0}
  m_GameObject: {fileID: 0}
  m_Enabled: 1
  m_EditorHideFlags: 0
  m_Script: {fileID: -765806418, guid: f70555f144d8491a825f0804e09c671c, type: 3}
  m_Name: 
  m_EditorClassIdentifier: 
--- !u!114 &581606166 stripped
MonoBehaviour:
  m_CorrespondingSourceObject: {fileID: 5474464710204152873, guid: 93fc609ad5bcf4caba87b9a93c34d2e6,
    type: 3}
  m_PrefabInstance: {fileID: 2027113735}
  m_PrefabAsset: {fileID: 0}
  m_GameObject: {fileID: 0}
  m_Enabled: 1
  m_EditorHideFlags: 0
  m_Script: {fileID: 11500000, guid: 1fb6dd992fbcb4b01beeba890f7848b8, type: 3}
  m_Name: 
  m_EditorClassIdentifier: 
--- !u!1001 &777249306
PrefabInstance:
  m_ObjectHideFlags: 0
  serializedVersion: 2
  m_Modification:
    m_TransformParent: {fileID: 801105966}
    m_Modifications:
    - target: {fileID: 100000, guid: af5ef78315345480aab5622703b9f57a, type: 3}
      propertyPath: m_IsActive
      value: 0
      objectReference: {fileID: 0}
    - target: {fileID: 400000, guid: af5ef78315345480aab5622703b9f57a, type: 3}
      propertyPath: m_LocalPosition.x
      value: 0
      objectReference: {fileID: 0}
    - target: {fileID: 400000, guid: af5ef78315345480aab5622703b9f57a, type: 3}
      propertyPath: m_LocalPosition.y
      value: 0
      objectReference: {fileID: 0}
    - target: {fileID: 400000, guid: af5ef78315345480aab5622703b9f57a, type: 3}
      propertyPath: m_LocalPosition.z
      value: 0
      objectReference: {fileID: 0}
    - target: {fileID: 400000, guid: af5ef78315345480aab5622703b9f57a, type: 3}
      propertyPath: m_LocalRotation.x
      value: -0
      objectReference: {fileID: 0}
    - target: {fileID: 400000, guid: af5ef78315345480aab5622703b9f57a, type: 3}
      propertyPath: m_LocalRotation.y
      value: -0
      objectReference: {fileID: 0}
    - target: {fileID: 400000, guid: af5ef78315345480aab5622703b9f57a, type: 3}
      propertyPath: m_LocalRotation.z
      value: -0
      objectReference: {fileID: 0}
    - target: {fileID: 400000, guid: af5ef78315345480aab5622703b9f57a, type: 3}
      propertyPath: m_LocalRotation.w
      value: 1
      objectReference: {fileID: 0}
    - target: {fileID: 400000, guid: af5ef78315345480aab5622703b9f57a, type: 3}
      propertyPath: m_RootOrder
      value: 2
      objectReference: {fileID: 0}
    - target: {fileID: 400000, guid: af5ef78315345480aab5622703b9f57a, type: 3}
      propertyPath: m_LocalScale.x
      value: 1.0688938
      objectReference: {fileID: 0}
    - target: {fileID: 400000, guid: af5ef78315345480aab5622703b9f57a, type: 3}
      propertyPath: m_LocalScale.y
      value: 1.0688938
      objectReference: {fileID: 0}
    - target: {fileID: 400000, guid: af5ef78315345480aab5622703b9f57a, type: 3}
      propertyPath: m_LocalScale.z
      value: 1.0688938
      objectReference: {fileID: 0}
    - target: {fileID: 400006, guid: af5ef78315345480aab5622703b9f57a, type: 3}
      propertyPath: m_LocalPosition.y
      value: 0.00019
      objectReference: {fileID: 0}
    - target: {fileID: 2300000, guid: af5ef78315345480aab5622703b9f57a, type: 3}
      propertyPath: m_Materials.Array.data[0]
      value: 
      objectReference: {fileID: 2100000, guid: 52312b26ff2b84cb4b8988bb34cdaaf4, type: 2}
    - target: {fileID: 2300002, guid: af5ef78315345480aab5622703b9f57a, type: 3}
      propertyPath: m_Materials.Array.data[0]
      value: 
      objectReference: {fileID: 2100000, guid: 52312b26ff2b84cb4b8988bb34cdaaf4, type: 2}
    - target: {fileID: 2300004, guid: af5ef78315345480aab5622703b9f57a, type: 3}
      propertyPath: m_Materials.Array.data[0]
      value: 
      objectReference: {fileID: 2100000, guid: 52312b26ff2b84cb4b8988bb34cdaaf4, type: 2}
    - target: {fileID: 2300006, guid: af5ef78315345480aab5622703b9f57a, type: 3}
      propertyPath: m_Materials.Array.data[0]
      value: 
      objectReference: {fileID: 2100000, guid: 52312b26ff2b84cb4b8988bb34cdaaf4, type: 2}
    m_RemovedComponents: []
  m_SourcePrefab: {fileID: 100100000, guid: af5ef78315345480aab5622703b9f57a, type: 3}
--- !u!4 &801105966 stripped
Transform:
  m_CorrespondingSourceObject: {fileID: 4364870624302354, guid: 93fc609ad5bcf4caba87b9a93c34d2e6,
    type: 3}
  m_PrefabInstance: {fileID: 2027113735}
  m_PrefabAsset: {fileID: 0}
--- !u!1 &1015722065
GameObject:
  m_ObjectHideFlags: 0
  m_CorrespondingSourceObject: {fileID: 0}
  m_PrefabInstance: {fileID: 0}
  m_PrefabAsset: {fileID: 0}
  serializedVersion: 6
  m_Component:
  - component: {fileID: 1015722067}
  - component: {fileID: 1015722066}
  - component: {fileID: 1015722068}
  m_Layer: 0
  m_Name: Directional Light
  m_TagString: Untagged
  m_Icon: {fileID: 0}
  m_NavMeshLayer: 0
  m_StaticEditorFlags: 0
  m_IsActive: 1
--- !u!108 &1015722066
Light:
  m_ObjectHideFlags: 0
  m_CorrespondingSourceObject: {fileID: 0}
  m_PrefabInstance: {fileID: 0}
  m_PrefabAsset: {fileID: 0}
  m_GameObject: {fileID: 1015722065}
  m_Enabled: 1
  serializedVersion: 9
  m_Type: 1
  m_Color: {r: 1, g: 0.95686275, b: 0.8392157, a: 1}
  m_Intensity: 1
  m_Range: 10
  m_SpotAngle: 30
  m_InnerSpotAngle: 21.802082
  m_CookieSize: 10
  m_Shadows:
    m_Type: 2
    m_Resolution: -1
    m_CustomResolution: -1
    m_Strength: 1
    m_Bias: 0.05
    m_NormalBias: 0.4
    m_NearPlane: 0.2
    m_CullingMatrixOverride:
      e00: 1
      e01: 0
      e02: 0
      e03: 0
      e10: 0
      e11: 1
      e12: 0
      e13: 0
      e20: 0
      e21: 0
      e22: 1
      e23: 0
      e30: 0
      e31: 0
      e32: 0
      e33: 1
    m_UseCullingMatrixOverride: 0
  m_Cookie: {fileID: 0}
  m_DrawHalo: 0
  m_Flare: {fileID: 0}
  m_RenderMode: 0
  m_CullingMask:
    serializedVersion: 2
    m_Bits: 4294967295
  m_RenderingLayerMask: 1
  m_Lightmapping: 4
  m_LightShadowCasterMode: 0
  m_AreaSize: {x: 1, y: 1}
  m_BounceIntensity: 1
  m_ColorTemperature: 6570
  m_UseColorTemperature: 0
  m_BoundingSphereOverride: {x: 0, y: 0, z: 0, w: 0}
  m_UseBoundingSphereOverride: 0
  m_ShadowRadius: 0
  m_ShadowAngle: 0
--- !u!4 &1015722067
Transform:
  m_ObjectHideFlags: 0
  m_CorrespondingSourceObject: {fileID: 0}
  m_PrefabInstance: {fileID: 0}
  m_PrefabAsset: {fileID: 0}
  m_GameObject: {fileID: 1015722065}
  m_LocalRotation: {x: 0.70710677, y: 0, z: 0, w: 0.70710677}
  m_LocalPosition: {x: 0, y: 3, z: 0}
  m_LocalScale: {x: 1, y: 1, z: 1}
  m_Children: []
  m_Father: {fileID: 0}
  m_RootOrder: 1
  m_LocalEulerAnglesHint: {x: 90, y: -90, z: -90}
--- !u!114 &1015722068
MonoBehaviour:
  m_ObjectHideFlags: 0
  m_CorrespondingSourceObject: {fileID: 0}
  m_PrefabInstance: {fileID: 0}
  m_PrefabAsset: {fileID: 0}
  m_GameObject: {fileID: 1015722065}
  m_Enabled: 1
  m_EditorHideFlags: 0
  m_Script: {fileID: 11500000, guid: 50c11494e9ace475f9dc92e2f907b42c, type: 3}
  m_Name: 
  m_EditorClassIdentifier: 
  m_CameraManager: {fileID: 282840816}
--- !u!1001 &1241547087
PrefabInstance:
  m_ObjectHideFlags: 0
  serializedVersion: 2
  m_Modification:
    m_TransformParent: {fileID: 2027113736}
    m_Modifications:
    - target: {fileID: 1824084090208311729, guid: 16ff5a01718da42e08c2f245c2f7c0b5,
        type: 3}
      propertyPath: m_Name
      value: Button3
      objectReference: {fileID: 0}
    - target: {fileID: 1824084090208311726, guid: 16ff5a01718da42e08c2f245c2f7c0b5,
        type: 3}
      propertyPath: m_LocalPosition.x
      value: 0
      objectReference: {fileID: 0}
    - target: {fileID: 1824084090208311726, guid: 16ff5a01718da42e08c2f245c2f7c0b5,
        type: 3}
      propertyPath: m_LocalPosition.y
      value: 0
      objectReference: {fileID: 0}
    - target: {fileID: 1824084090208311726, guid: 16ff5a01718da42e08c2f245c2f7c0b5,
        type: 3}
      propertyPath: m_LocalPosition.z
      value: 0
      objectReference: {fileID: 0}
    - target: {fileID: 1824084090208311726, guid: 16ff5a01718da42e08c2f245c2f7c0b5,
        type: 3}
      propertyPath: m_LocalRotation.x
      value: -0
      objectReference: {fileID: 0}
    - target: {fileID: 1824084090208311726, guid: 16ff5a01718da42e08c2f245c2f7c0b5,
        type: 3}
      propertyPath: m_LocalRotation.y
      value: -0
      objectReference: {fileID: 0}
    - target: {fileID: 1824084090208311726, guid: 16ff5a01718da42e08c2f245c2f7c0b5,
        type: 3}
      propertyPath: m_LocalRotation.z
      value: -0
      objectReference: {fileID: 0}
    - target: {fileID: 1824084090208311726, guid: 16ff5a01718da42e08c2f245c2f7c0b5,
        type: 3}
      propertyPath: m_LocalRotation.w
      value: 1
      objectReference: {fileID: 0}
    - target: {fileID: 1824084090208311726, guid: 16ff5a01718da42e08c2f245c2f7c0b5,
        type: 3}
      propertyPath: m_RootOrder
      value: 2
      objectReference: {fileID: 0}
    - target: {fileID: 1824084090208311726, guid: 16ff5a01718da42e08c2f245c2f7c0b5,
        type: 3}
      propertyPath: m_LocalEulerAnglesHint.x
      value: 0
      objectReference: {fileID: 0}
    - target: {fileID: 1824084090208311726, guid: 16ff5a01718da42e08c2f245c2f7c0b5,
        type: 3}
      propertyPath: m_LocalEulerAnglesHint.y
      value: 0
      objectReference: {fileID: 0}
    - target: {fileID: 1824084090208311726, guid: 16ff5a01718da42e08c2f245c2f7c0b5,
        type: 3}
      propertyPath: m_LocalEulerAnglesHint.z
      value: 0
      objectReference: {fileID: 0}
    - target: {fileID: 1824084090208311726, guid: 16ff5a01718da42e08c2f245c2f7c0b5,
        type: 3}
      propertyPath: m_AnchoredPosition.x
      value: 0
      objectReference: {fileID: 0}
    - target: {fileID: 1824084090208311726, guid: 16ff5a01718da42e08c2f245c2f7c0b5,
        type: 3}
      propertyPath: m_AnchoredPosition.y
      value: 0
      objectReference: {fileID: 0}
    - target: {fileID: 1824084090208311726, guid: 16ff5a01718da42e08c2f245c2f7c0b5,
        type: 3}
      propertyPath: m_SizeDelta.x
      value: 160
      objectReference: {fileID: 0}
    - target: {fileID: 1824084090208311726, guid: 16ff5a01718da42e08c2f245c2f7c0b5,
        type: 3}
      propertyPath: m_SizeDelta.y
      value: 160
      objectReference: {fileID: 0}
    - target: {fileID: 1824084090208311726, guid: 16ff5a01718da42e08c2f245c2f7c0b5,
        type: 3}
      propertyPath: m_AnchorMin.x
      value: 0
      objectReference: {fileID: 0}
    - target: {fileID: 1824084090208311726, guid: 16ff5a01718da42e08c2f245c2f7c0b5,
        type: 3}
      propertyPath: m_AnchorMin.y
      value: 0
      objectReference: {fileID: 0}
    - target: {fileID: 1824084090208311726, guid: 16ff5a01718da42e08c2f245c2f7c0b5,
        type: 3}
      propertyPath: m_AnchorMax.x
      value: 0
      objectReference: {fileID: 0}
    - target: {fileID: 1824084090208311726, guid: 16ff5a01718da42e08c2f245c2f7c0b5,
        type: 3}
      propertyPath: m_AnchorMax.y
      value: 0
      objectReference: {fileID: 0}
    - target: {fileID: 1824084090208311726, guid: 16ff5a01718da42e08c2f245c2f7c0b5,
        type: 3}
      propertyPath: m_Pivot.x
      value: 0.5
      objectReference: {fileID: 0}
    - target: {fileID: 1824084090208311726, guid: 16ff5a01718da42e08c2f245c2f7c0b5,
        type: 3}
      propertyPath: m_Pivot.y
      value: 0.5
      objectReference: {fileID: 0}
    - target: {fileID: 1824084090208311727, guid: 16ff5a01718da42e08c2f245c2f7c0b5,
        type: 3}
      propertyPath: m_OnClick.m_PersistentCalls.m_Calls.Array.size
      value: 0
      objectReference: {fileID: 0}
    - target: {fileID: 1824084090208311727, guid: 16ff5a01718da42e08c2f245c2f7c0b5,
        type: 3}
      propertyPath: m_OnClick.m_PersistentCalls.m_Calls.Array.data[0].m_Target
      value: 
      objectReference: {fileID: 581606166}
    - target: {fileID: 1824084090208311727, guid: 16ff5a01718da42e08c2f245c2f7c0b5,
        type: 3}
      propertyPath: m_AnimationTriggers.m_SelectedTrigger
      value: Selected
      objectReference: {fileID: 0}
    - target: {fileID: 1824084089390005538, guid: 16ff5a01718da42e08c2f245c2f7c0b5,
        type: 3}
      propertyPath: m_textInfo.characterCount
      value: 0
      objectReference: {fileID: 0}
    - target: {fileID: 1824084089390005538, guid: 16ff5a01718da42e08c2f245c2f7c0b5,
        type: 3}
      propertyPath: m_textInfo.wordCount
      value: 0
      objectReference: {fileID: 0}
    - target: {fileID: 1824084089390005538, guid: 16ff5a01718da42e08c2f245c2f7c0b5,
        type: 3}
      propertyPath: m_textInfo.lineCount
      value: 0
      objectReference: {fileID: 0}
    - target: {fileID: 1824084089390005538, guid: 16ff5a01718da42e08c2f245c2f7c0b5,
        type: 3}
      propertyPath: m_textInfo.pageCount
      value: 0
      objectReference: {fileID: 0}
    - target: {fileID: 6443949608545563290, guid: 16ff5a01718da42e08c2f245c2f7c0b5,
        type: 3}
      propertyPath: m_TargetGraphic
      value: 
      objectReference: {fileID: 1241547088}
    - target: {fileID: 6443949608545563290, guid: 16ff5a01718da42e08c2f245c2f7c0b5,
        type: 3}
      propertyPath: m_OnClick.m_PersistentCalls.m_Calls.Array.data[0].m_Target
      value: 
      objectReference: {fileID: 581606166}
    - target: {fileID: 6443949608545563290, guid: 16ff5a01718da42e08c2f245c2f7c0b5,
        type: 3}
      propertyPath: m_OnClick.m_PersistentCalls.m_Calls.Array.data[0].m_MethodName
      value: SwitchPlacementType
      objectReference: {fileID: 0}
    - target: {fileID: 6443949608545563290, guid: 16ff5a01718da42e08c2f245c2f7c0b5,
        type: 3}
      propertyPath: m_OnClick.m_PersistentCalls.m_Calls.Array.data[0].m_Arguments.m_IntArgument
      value: 2
      objectReference: {fileID: 0}
    m_RemovedComponents: []
  m_SourcePrefab: {fileID: 100100000, guid: 16ff5a01718da42e08c2f245c2f7c0b5, type: 3}
--- !u!114 &1241547088 stripped
MonoBehaviour:
  m_CorrespondingSourceObject: {fileID: 1951800139748823388, guid: 16ff5a01718da42e08c2f245c2f7c0b5,
    type: 3}
  m_PrefabInstance: {fileID: 1241547087}
  m_PrefabAsset: {fileID: 0}
  m_GameObject: {fileID: 0}
  m_Enabled: 1
  m_EditorHideFlags: 0
  m_Script: {fileID: -765806418, guid: f70555f144d8491a825f0804e09c671c, type: 3}
  m_Name: 
  m_EditorClassIdentifier: 
--- !u!1 &1335839533
GameObject:
  m_ObjectHideFlags: 0
  m_CorrespondingSourceObject: {fileID: 0}
  m_PrefabInstance: {fileID: 0}
  m_PrefabAsset: {fileID: 0}
  serializedVersion: 6
  m_Component:
  - component: {fileID: 1335839535}
  - component: {fileID: 1335839534}
  - component: {fileID: 1335839537}
  - component: {fileID: 1335839536}
  - component: {fileID: 1335839538}
  m_Layer: 0
  m_Name: AR Session Origin
  m_TagString: Untagged
  m_Icon: {fileID: 0}
  m_NavMeshLayer: 0
  m_StaticEditorFlags: 0
  m_IsActive: 1
--- !u!114 &1335839534
MonoBehaviour:
  m_ObjectHideFlags: 0
  m_CorrespondingSourceObject: {fileID: 0}
  m_PrefabInstance: {fileID: 0}
  m_PrefabAsset: {fileID: 0}
  m_GameObject: {fileID: 1335839533}
  m_Enabled: 1
  m_EditorHideFlags: 0
  m_Script: {fileID: 11500000, guid: 520bb47c46cf8624fafb307b7d1b862a, type: 3}
  m_Name: 
  m_EditorClassIdentifier: 
  m_Camera: {fileID: 282840813}
--- !u!4 &1335839535
Transform:
  m_ObjectHideFlags: 0
  m_CorrespondingSourceObject: {fileID: 0}
  m_PrefabInstance: {fileID: 0}
  m_PrefabAsset: {fileID: 0}
  m_GameObject: {fileID: 1335839533}
  m_LocalRotation: {x: 0, y: 0, z: 0, w: 1}
  m_LocalPosition: {x: 0, y: 0, z: 0}
  m_LocalScale: {x: 1, y: 1, z: 1}
  m_Children:
  - {fileID: 282840814}
  m_Father: {fileID: 0}
  m_RootOrder: 3
  m_LocalEulerAnglesHint: {x: 0, y: 0, z: 0}
--- !u!114 &1335839536
MonoBehaviour:
  m_ObjectHideFlags: 0
  m_CorrespondingSourceObject: {fileID: 0}
  m_PrefabInstance: {fileID: 0}
  m_PrefabAsset: {fileID: 0}
  m_GameObject: {fileID: 1335839533}
  m_Enabled: 1
  m_EditorHideFlags: 0
  m_Script: {fileID: 11500000, guid: 7ab0e80cee9cc1d44928bfe488dd1e2d, type: 3}
  m_Name: 
  m_EditorClassIdentifier: 
  m_PointCloudPrefab: {fileID: 1854016325464908, guid: 0d4f49e744bffd14eb527ba76c9bba12,
    type: 3}
--- !u!114 &1335839537
MonoBehaviour:
  m_ObjectHideFlags: 0
  m_CorrespondingSourceObject: {fileID: 0}
  m_PrefabInstance: {fileID: 0}
  m_PrefabAsset: {fileID: 0}
  m_GameObject: {fileID: 1335839533}
  m_Enabled: 1
  m_EditorHideFlags: 0
  m_Script: {fileID: 11500000, guid: e1760703bbd54c04488a8d10600262ab, type: 3}
  m_Name: 
  m_EditorClassIdentifier: 
  m_PlanePrefab: {fileID: 1585201990951412, guid: d16dd8da7e4ccbe42b1b4a344a72ecbb,
    type: 3}
  m_DetectionMode: -1
--- !u!114 &1335839538
MonoBehaviour:
  m_ObjectHideFlags: 0
  m_CorrespondingSourceObject: {fileID: 0}
  m_PrefabInstance: {fileID: 0}
  m_PrefabAsset: {fileID: 0}
  m_GameObject: {fileID: 1335839533}
  m_Enabled: 1
  m_EditorHideFlags: 0
  m_Script: {fileID: 11500000, guid: fa17d122634046b4a8e23048891fafc5, type: 3}
  m_Name: 
  m_EditorClassIdentifier: 
--- !u!1001 &1425050759
PrefabInstance:
  m_ObjectHideFlags: 0
  serializedVersion: 2
  m_Modification:
    m_TransformParent: {fileID: 0}
    m_Modifications:
    - target: {fileID: -927199367670048503, guid: aef8b0ce4264ec3449004fc3a3f0c138,
        type: 3}
      propertyPath: m_Name
      value: FBX Export
      objectReference: {fileID: 0}
    - target: {fileID: -4216859302048453862, guid: aef8b0ce4264ec3449004fc3a3f0c138,
        type: 3}
      propertyPath: m_LocalPosition.x
      value: 92.4
      objectReference: {fileID: 0}
    - target: {fileID: -4216859302048453862, guid: aef8b0ce4264ec3449004fc3a3f0c138,
        type: 3}
      propertyPath: m_LocalPosition.y
      value: 0
      objectReference: {fileID: 0}
    - target: {fileID: -4216859302048453862, guid: aef8b0ce4264ec3449004fc3a3f0c138,
        type: 3}
      propertyPath: m_LocalPosition.z
      value: 0
      objectReference: {fileID: 0}
    - target: {fileID: -4216859302048453862, guid: aef8b0ce4264ec3449004fc3a3f0c138,
        type: 3}
      propertyPath: m_LocalRotation.x
      value: 0
      objectReference: {fileID: 0}
    - target: {fileID: -4216859302048453862, guid: aef8b0ce4264ec3449004fc3a3f0c138,
        type: 3}
      propertyPath: m_LocalRotation.y
      value: 0
      objectReference: {fileID: 0}
    - target: {fileID: -4216859302048453862, guid: aef8b0ce4264ec3449004fc3a3f0c138,
        type: 3}
      propertyPath: m_LocalRotation.z
      value: 0
      objectReference: {fileID: 0}
    - target: {fileID: -4216859302048453862, guid: aef8b0ce4264ec3449004fc3a3f0c138,
        type: 3}
      propertyPath: m_LocalRotation.w
      value: 1
      objectReference: {fileID: 0}
    - target: {fileID: -4216859302048453862, guid: aef8b0ce4264ec3449004fc3a3f0c138,
        type: 3}
      propertyPath: m_RootOrder
      value: 5
      objectReference: {fileID: 0}
    - target: {fileID: -4216859302048453862, guid: aef8b0ce4264ec3449004fc3a3f0c138,
        type: 3}
      propertyPath: m_LocalEulerAnglesHint.x
      value: 0
      objectReference: {fileID: 0}
    - target: {fileID: -4216859302048453862, guid: aef8b0ce4264ec3449004fc3a3f0c138,
        type: 3}
      propertyPath: m_LocalEulerAnglesHint.y
      value: 0
      objectReference: {fileID: 0}
    - target: {fileID: -4216859302048453862, guid: aef8b0ce4264ec3449004fc3a3f0c138,
        type: 3}
      propertyPath: m_LocalEulerAnglesHint.z
      value: 0
      objectReference: {fileID: 0}
    m_RemovedComponents: []
  m_SourcePrefab: {fileID: 100100000, guid: aef8b0ce4264ec3449004fc3a3f0c138, type: 3}
--- !u!1 &1493270006 stripped
GameObject:
  m_CorrespondingSourceObject: {fileID: 1998299321571188, guid: 93fc609ad5bcf4caba87b9a93c34d2e6,
    type: 3}
  m_PrefabInstance: {fileID: 2027113735}
  m_PrefabAsset: {fileID: 0}
--- !u!1 &1720142820
GameObject:
  m_ObjectHideFlags: 0
  m_CorrespondingSourceObject: {fileID: 0}
  m_PrefabInstance: {fileID: 0}
  m_PrefabAsset: {fileID: 0}
  serializedVersion: 6
  m_Component:
  - component: {fileID: 1720142823}
  - component: {fileID: 1720142822}
  - component: {fileID: 1720142821}
  m_Layer: 0
  m_Name: EventSystem
  m_TagString: Untagged
  m_Icon: {fileID: 0}
  m_NavMeshLayer: 0
  m_StaticEditorFlags: 0
  m_IsActive: 1
--- !u!114 &1720142821
MonoBehaviour:
  m_ObjectHideFlags: 0
  m_CorrespondingSourceObject: {fileID: 0}
  m_PrefabInstance: {fileID: 0}
  m_PrefabAsset: {fileID: 0}
  m_GameObject: {fileID: 1720142820}
  m_Enabled: 1
  m_EditorHideFlags: 0
  m_Script: {fileID: 1077351063, guid: f70555f144d8491a825f0804e09c671c, type: 3}
  m_Name: 
  m_EditorClassIdentifier: 
  m_HorizontalAxis: Horizontal
  m_VerticalAxis: Vertical
  m_SubmitButton: Submit
  m_CancelButton: Cancel
  m_InputActionsPerSecond: 10
  m_RepeatDelay: 0.5
  m_ForceModuleActive: 0
--- !u!114 &1720142822
MonoBehaviour:
  m_ObjectHideFlags: 0
  m_CorrespondingSourceObject: {fileID: 0}
  m_PrefabInstance: {fileID: 0}
  m_PrefabAsset: {fileID: 0}
  m_GameObject: {fileID: 1720142820}
  m_Enabled: 1
  m_EditorHideFlags: 0
  m_Script: {fileID: -619905303, guid: f70555f144d8491a825f0804e09c671c, type: 3}
  m_Name: 
  m_EditorClassIdentifier: 
  m_FirstSelected: {fileID: 0}
  m_sendNavigationEvents: 1
  m_DragThreshold: 10
--- !u!4 &1720142823
Transform:
  m_ObjectHideFlags: 0
  m_CorrespondingSourceObject: {fileID: 0}
  m_PrefabInstance: {fileID: 0}
  m_PrefabAsset: {fileID: 0}
  m_GameObject: {fileID: 1720142820}
  m_LocalRotation: {x: 0, y: 0, z: 0, w: 1}
  m_LocalPosition: {x: 0, y: 0, z: 0}
  m_LocalScale: {x: 1, y: 1, z: 1}
  m_Children: []
  m_Father: {fileID: 0}
  m_RootOrder: 4
  m_LocalEulerAnglesHint: {x: 0, y: 0, z: 0}
--- !u!95 &2026077544 stripped
Animator:
  m_CorrespondingSourceObject: {fileID: 95270370227995670, guid: 93fc609ad5bcf4caba87b9a93c34d2e6,
    type: 3}
  m_PrefabInstance: {fileID: 2027113735}
  m_PrefabAsset: {fileID: 0}
--- !u!1001 &2027113735
PrefabInstance:
  m_ObjectHideFlags: 0
  serializedVersion: 2
  m_Modification:
    m_TransformParent: {fileID: 0}
    m_Modifications:
    - target: {fileID: 0}
      propertyPath: m_HideUIAfterPlacement
      value: 1
      objectReference: {fileID: 0}
    - target: {fileID: 0}
      propertyPath: m_Enabled
      value: 0
      objectReference: {fileID: 0}
    - target: {fileID: 2482888593744860627, guid: 93fc609ad5bcf4caba87b9a93c34d2e6,
        type: 3}
      propertyPath: m_IsActive
      value: 1
      objectReference: {fileID: 0}
    - target: {fileID: 5474464710204152873, guid: 93fc609ad5bcf4caba87b9a93c34d2e6,
        type: 3}
      propertyPath: m_PlacedPrefabs.Array.size
      value: 1
      objectReference: {fileID: 0}
    - target: {fileID: 5474464710204152873, guid: 93fc609ad5bcf4caba87b9a93c34d2e6,
        type: 3}
      propertyPath: m_PlacedCubes.Array.size
      value: 1
      objectReference: {fileID: 0}
    - target: {fileID: 5474464710204152873, guid: 93fc609ad5bcf4caba87b9a93c34d2e6,
        type: 3}
      propertyPath: m_PlacedCylinder.Array.size
      value: 1
      objectReference: {fileID: 0}
    - target: {fileID: 5474464710204152873, guid: 93fc609ad5bcf4caba87b9a93c34d2e6,
        type: 3}
      propertyPath: m_PlacedPrefabs.Array.data[0]
      value: 
      objectReference: {fileID: 1625615219107896, guid: be385348815ba4acfacc2f044264af4d,
        type: 3}
    - target: {fileID: 5474464710204152873, guid: 93fc609ad5bcf4caba87b9a93c34d2e6,
        type: 3}
      propertyPath: m_PlacedPrefabs.Array.data[1]
      value: 
      objectReference: {fileID: 1509114540823760, guid: 0e447f67c062648a6a3673ad2be0b294,
        type: 3}
    - target: {fileID: 5474464710204152873, guid: 93fc609ad5bcf4caba87b9a93c34d2e6,
        type: 3}
      propertyPath: m_PlacedPrefabs.Array.data[2]
      value: 
      objectReference: {fileID: 1868109429848990, guid: 4ad6e14bcc3074dedab8812e56d8e900,
        type: 3}
    - target: {fileID: 5474464710204152873, guid: 93fc609ad5bcf4caba87b9a93c34d2e6,
        type: 3}
      propertyPath: m_PlacedPrefabs.Array.data[3]
      value: 
      objectReference: {fileID: 1810740987496966, guid: b6d9cd45428314e6da29dde9a79c7568,
        type: 3}
    - target: {fileID: 5474464710204152873, guid: 93fc609ad5bcf4caba87b9a93c34d2e6,
        type: 3}
      propertyPath: m_PlacedPrefabs.Array.data[4]
      value: 
      objectReference: {fileID: 1787710219588638, guid: 665bb6dd43c7d4f5fbe4920e7a9a5d5c,
        type: 3}
    - target: {fileID: 5474464710204152873, guid: 93fc609ad5bcf4caba87b9a93c34d2e6,
        type: 3}
      propertyPath: m_PlacedCubes.Array.data[0]
      value: 
      objectReference: {fileID: 1158782366941460, guid: 6cd6f6d1ab6ad46e3b2b6f4a98dfb464,
        type: 3}
    - target: {fileID: 5474464710204152873, guid: 93fc609ad5bcf4caba87b9a93c34d2e6,
        type: 3}
      propertyPath: m_PlacedCylinder.Array.data[0]
      value: 
      objectReference: {fileID: 1123031411927932, guid: e67e3e09d66fd4fff92a820ad6fb1c36,
        type: 3}
    - target: {fileID: 4364870624302354, guid: 93fc609ad5bcf4caba87b9a93c34d2e6, type: 3}
      propertyPath: m_LocalScale.x
      value: 0.5446
      objectReference: {fileID: 0}
    - target: {fileID: 4364870624302354, guid: 93fc609ad5bcf4caba87b9a93c34d2e6, type: 3}
      propertyPath: m_LocalScale.y
      value: 0.5446
      objectReference: {fileID: 0}
    - target: {fileID: 4364870624302354, guid: 93fc609ad5bcf4caba87b9a93c34d2e6, type: 3}
      propertyPath: m_LocalScale.z
      value: 0.5446
      objectReference: {fileID: 0}
    - target: {fileID: 1998299321571188, guid: 93fc609ad5bcf4caba87b9a93c34d2e6, type: 3}
      propertyPath: m_IsActive
      value: 1
      objectReference: {fileID: 0}
    - target: {fileID: 1998299321571188, guid: 93fc609ad5bcf4caba87b9a93c34d2e6, type: 3}
      propertyPath: m_Name
      value: Object Placement Circle
      objectReference: {fileID: 0}
    - target: {fileID: 1409974413897780, guid: 93fc609ad5bcf4caba87b9a93c34d2e6, type: 3}
      propertyPath: m_IsActive
      value: 1
      objectReference: {fileID: 0}
    - target: {fileID: 1886025697829346, guid: 93fc609ad5bcf4caba87b9a93c34d2e6, type: 3}
      propertyPath: m_IsActive
      value: 0
      objectReference: {fileID: 0}
    - target: {fileID: 1947547628472068, guid: 93fc609ad5bcf4caba87b9a93c34d2e6, type: 3}
      propertyPath: m_IsActive
      value: 1
      objectReference: {fileID: 0}
    - target: {fileID: 1990793404322526, guid: 93fc609ad5bcf4caba87b9a93c34d2e6, type: 3}
      propertyPath: m_IsActive
      value: 1
      objectReference: {fileID: 0}
    - target: {fileID: 4302357541326892, guid: 93fc609ad5bcf4caba87b9a93c34d2e6, type: 3}
      propertyPath: m_LocalPosition.x
      value: 0
      objectReference: {fileID: 0}
    - target: {fileID: 4302357541326892, guid: 93fc609ad5bcf4caba87b9a93c34d2e6, type: 3}
      propertyPath: m_LocalPosition.y
      value: 0
      objectReference: {fileID: 0}
    - target: {fileID: 4302357541326892, guid: 93fc609ad5bcf4caba87b9a93c34d2e6, type: 3}
      propertyPath: m_LocalPosition.z
      value: 0
      objectReference: {fileID: 0}
    - target: {fileID: 4302357541326892, guid: 93fc609ad5bcf4caba87b9a93c34d2e6, type: 3}
      propertyPath: m_LocalRotation.x
      value: 0
      objectReference: {fileID: 0}
    - target: {fileID: 4302357541326892, guid: 93fc609ad5bcf4caba87b9a93c34d2e6, type: 3}
      propertyPath: m_LocalRotation.y
      value: 0
      objectReference: {fileID: 0}
    - target: {fileID: 4302357541326892, guid: 93fc609ad5bcf4caba87b9a93c34d2e6, type: 3}
      propertyPath: m_LocalRotation.z
      value: 0
      objectReference: {fileID: 0}
    - target: {fileID: 4302357541326892, guid: 93fc609ad5bcf4caba87b9a93c34d2e6, type: 3}
      propertyPath: m_LocalRotation.w
      value: 1
      objectReference: {fileID: 0}
    - target: {fileID: 4302357541326892, guid: 93fc609ad5bcf4caba87b9a93c34d2e6, type: 3}
      propertyPath: m_RootOrder
      value: 0
      objectReference: {fileID: 0}
    - target: {fileID: 114115447407275042, guid: 93fc609ad5bcf4caba87b9a93c34d2e6,
        type: 3}
      propertyPath: m_Enabled
      value: 1
      objectReference: {fileID: 0}
    - target: {fileID: 114115447407275042, guid: 93fc609ad5bcf4caba87b9a93c34d2e6,
        type: 3}
      propertyPath: m_Sprite
      value: 
      objectReference: {fileID: 21300000, guid: 188fda3e20e834b6f96584c861d3760c,
        type: 3}
    - target: {fileID: 114741197171654406, guid: 93fc609ad5bcf4caba87b9a93c34d2e6,
        type: 3}
      propertyPath: m_ScreenspaceCenter
      value: 
      objectReference: {fileID: 76400441}
    - target: {fileID: 114741197171654406, guid: 93fc609ad5bcf4caba87b9a93c34d2e6,
        type: 3}
      propertyPath: m_RaycastManager
      value: 
      objectReference: {fileID: 1335839538}
    - target: {fileID: 114741197171654406, guid: 93fc609ad5bcf4caba87b9a93c34d2e6,
        type: 3}
      propertyPath: m_PlacementCircle
      value: 
      objectReference: {fileID: 1493270006}
    - target: {fileID: 114938088606449966, guid: 93fc609ad5bcf4caba87b9a93c34d2e6,
        type: 3}
      propertyPath: m_Sprite
      value: 
      objectReference: {fileID: 21300000, guid: 3510d2685aa944634ac5f5df168c65de,
        type: 3}
    - target: {fileID: 224455111843604748, guid: 93fc609ad5bcf4caba87b9a93c34d2e6,
        type: 3}
      propertyPath: m_AnchoredPosition.y
      value: 177
      objectReference: {fileID: 0}
    - target: {fileID: 224455111843604748, guid: 93fc609ad5bcf4caba87b9a93c34d2e6,
        type: 3}
      propertyPath: m_AnchoredPosition.x
      value: -17
      objectReference: {fileID: 0}
    - target: {fileID: 224860905419673850, guid: 93fc609ad5bcf4caba87b9a93c34d2e6,
        type: 3}
      propertyPath: m_AnchoredPosition.y
      value: 247
      objectReference: {fileID: 0}
    - target: {fileID: 224860905419673850, guid: 93fc609ad5bcf4caba87b9a93c34d2e6,
        type: 3}
      propertyPath: m_AnchoredPosition.x
      value: 2
      objectReference: {fileID: 0}
    - target: {fileID: 2456035060387446999, guid: 93fc609ad5bcf4caba87b9a93c34d2e6,
        type: 3}
      propertyPath: m_UiScaleMode
      value: 1
      objectReference: {fileID: 0}
    - target: {fileID: 2456035060387446999, guid: 93fc609ad5bcf4caba87b9a93c34d2e6,
        type: 3}
      propertyPath: m_ReferenceResolution.y
      value: 213.7
      objectReference: {fileID: 0}
    - target: {fileID: 2456035060387446999, guid: 93fc609ad5bcf4caba87b9a93c34d2e6,
        type: 3}
      propertyPath: m_ReferenceResolution.x
      value: 1238.8
      objectReference: {fileID: 0}
    - target: {fileID: 7896582560767503084, guid: 93fc609ad5bcf4caba87b9a93c34d2e6,
        type: 3}
      propertyPath: m_AdditionalShaderChannelsFlag
      value: 25
      objectReference: {fileID: 0}
    - target: {fileID: 5773530833788671258, guid: 93fc609ad5bcf4caba87b9a93c34d2e6,
        type: 3}
      propertyPath: m_MovePhoneAnim
      value: 
      objectReference: {fileID: 162580585}
    - target: {fileID: 5773530833788671258, guid: 93fc609ad5bcf4caba87b9a93c34d2e6,
        type: 3}
      propertyPath: m_TapToPlaceAnim
      value: 
      objectReference: {fileID: 2026077544}
    m_RemovedComponents:
    - {fileID: 114659774114889208, guid: 93fc609ad5bcf4caba87b9a93c34d2e6, type: 3}
  m_SourcePrefab: {fileID: 100100000, guid: 93fc609ad5bcf4caba87b9a93c34d2e6, type: 3}
--- !u!224 &2027113736 stripped
RectTransform:
  m_CorrespondingSourceObject: {fileID: 5122263958431405009, guid: 93fc609ad5bcf4caba87b9a93c34d2e6,
    type: 3}
  m_PrefabInstance: {fileID: 2027113735}
  m_PrefabAsset: {fileID: 0}
--- !u!1001 &1824084089494455390
PrefabInstance:
  m_ObjectHideFlags: 0
  serializedVersion: 2
  m_Modification:
    m_TransformParent: {fileID: 2027113736}
    m_Modifications:
    - target: {fileID: 1824084090208311729, guid: 16ff5a01718da42e08c2f245c2f7c0b5,
        type: 3}
      propertyPath: m_Name
      value: Button1
      objectReference: {fileID: 0}
    - target: {fileID: 1824084090208311726, guid: 16ff5a01718da42e08c2f245c2f7c0b5,
        type: 3}
      propertyPath: m_LocalPosition.x
      value: 0
      objectReference: {fileID: 0}
    - target: {fileID: 1824084090208311726, guid: 16ff5a01718da42e08c2f245c2f7c0b5,
        type: 3}
      propertyPath: m_LocalPosition.y
      value: 0
      objectReference: {fileID: 0}
    - target: {fileID: 1824084090208311726, guid: 16ff5a01718da42e08c2f245c2f7c0b5,
        type: 3}
      propertyPath: m_LocalPosition.z
      value: 0
      objectReference: {fileID: 0}
    - target: {fileID: 1824084090208311726, guid: 16ff5a01718da42e08c2f245c2f7c0b5,
        type: 3}
      propertyPath: m_LocalRotation.x
      value: -0
      objectReference: {fileID: 0}
    - target: {fileID: 1824084090208311726, guid: 16ff5a01718da42e08c2f245c2f7c0b5,
        type: 3}
      propertyPath: m_LocalRotation.y
      value: -0
      objectReference: {fileID: 0}
    - target: {fileID: 1824084090208311726, guid: 16ff5a01718da42e08c2f245c2f7c0b5,
        type: 3}
      propertyPath: m_LocalRotation.z
      value: -0
      objectReference: {fileID: 0}
    - target: {fileID: 1824084090208311726, guid: 16ff5a01718da42e08c2f245c2f7c0b5,
        type: 3}
      propertyPath: m_LocalRotation.w
      value: 1
      objectReference: {fileID: 0}
    - target: {fileID: 1824084090208311726, guid: 16ff5a01718da42e08c2f245c2f7c0b5,
        type: 3}
      propertyPath: m_RootOrder
      value: 0
      objectReference: {fileID: 0}
    - target: {fileID: 1824084090208311726, guid: 16ff5a01718da42e08c2f245c2f7c0b5,
        type: 3}
      propertyPath: m_LocalEulerAnglesHint.x
      value: 0
      objectReference: {fileID: 0}
    - target: {fileID: 1824084090208311726, guid: 16ff5a01718da42e08c2f245c2f7c0b5,
        type: 3}
      propertyPath: m_LocalEulerAnglesHint.y
      value: 0
      objectReference: {fileID: 0}
    - target: {fileID: 1824084090208311726, guid: 16ff5a01718da42e08c2f245c2f7c0b5,
        type: 3}
      propertyPath: m_LocalEulerAnglesHint.z
      value: 0
      objectReference: {fileID: 0}
    - target: {fileID: 1824084090208311726, guid: 16ff5a01718da42e08c2f245c2f7c0b5,
        type: 3}
      propertyPath: m_AnchoredPosition.x
      value: 0
      objectReference: {fileID: 0}
    - target: {fileID: 1824084090208311726, guid: 16ff5a01718da42e08c2f245c2f7c0b5,
        type: 3}
      propertyPath: m_AnchoredPosition.y
      value: 0
      objectReference: {fileID: 0}
    - target: {fileID: 1824084090208311726, guid: 16ff5a01718da42e08c2f245c2f7c0b5,
        type: 3}
      propertyPath: m_SizeDelta.x
      value: 160
      objectReference: {fileID: 0}
    - target: {fileID: 1824084090208311726, guid: 16ff5a01718da42e08c2f245c2f7c0b5,
        type: 3}
      propertyPath: m_SizeDelta.y
      value: 160
      objectReference: {fileID: 0}
    - target: {fileID: 1824084090208311726, guid: 16ff5a01718da42e08c2f245c2f7c0b5,
        type: 3}
      propertyPath: m_AnchorMin.x
      value: 0
      objectReference: {fileID: 0}
    - target: {fileID: 1824084090208311726, guid: 16ff5a01718da42e08c2f245c2f7c0b5,
        type: 3}
      propertyPath: m_AnchorMin.y
      value: 0
      objectReference: {fileID: 0}
    - target: {fileID: 1824084090208311726, guid: 16ff5a01718da42e08c2f245c2f7c0b5,
        type: 3}
      propertyPath: m_AnchorMax.x
      value: 0
      objectReference: {fileID: 0}
    - target: {fileID: 1824084090208311726, guid: 16ff5a01718da42e08c2f245c2f7c0b5,
        type: 3}
      propertyPath: m_AnchorMax.y
      value: 0
      objectReference: {fileID: 0}
    - target: {fileID: 1824084090208311726, guid: 16ff5a01718da42e08c2f245c2f7c0b5,
        type: 3}
      propertyPath: m_Pivot.x
      value: 0.5
      objectReference: {fileID: 0}
    - target: {fileID: 1824084090208311726, guid: 16ff5a01718da42e08c2f245c2f7c0b5,
        type: 3}
      propertyPath: m_Pivot.y
      value: 0.5
      objectReference: {fileID: 0}
    - target: {fileID: 1824084090208311727, guid: 16ff5a01718da42e08c2f245c2f7c0b5,
        type: 3}
      propertyPath: m_OnClick.m_PersistentCalls.m_Calls.Array.size
      value: 0
      objectReference: {fileID: 0}
    - target: {fileID: 1824084090208311727, guid: 16ff5a01718da42e08c2f245c2f7c0b5,
        type: 3}
      propertyPath: m_OnClick.m_PersistentCalls.m_Calls.Array.data[0].m_Target
      value: 
      objectReference: {fileID: 581606166}
    - target: {fileID: 1824084090208311727, guid: 16ff5a01718da42e08c2f245c2f7c0b5,
        type: 3}
      propertyPath: m_AnimationTriggers.m_SelectedTrigger
      value: Selected
      objectReference: {fileID: 0}
    - target: {fileID: 6443949608545563290, guid: 16ff5a01718da42e08c2f245c2f7c0b5,
        type: 3}
      propertyPath: m_TargetGraphic
      value: 
      objectReference: {fileID: 1824084089494455391}
    - target: {fileID: 6443949608545563290, guid: 16ff5a01718da42e08c2f245c2f7c0b5,
        type: 3}
      propertyPath: m_OnClick.m_PersistentCalls.m_Calls.Array.data[0].m_Target
      value: 
      objectReference: {fileID: 581606166}
    - target: {fileID: 6443949608545563290, guid: 16ff5a01718da42e08c2f245c2f7c0b5,
        type: 3}
      propertyPath: m_OnClick.m_PersistentCalls.m_Calls.Array.data[0].m_MethodName
      value: SwitchPlacementType
      objectReference: {fileID: 0}
    m_RemovedComponents: []
  m_SourcePrefab: {fileID: 100100000, guid: 16ff5a01718da42e08c2f245c2f7c0b5, type: 3}
--- !u!114 &1824084089494455391 stripped
MonoBehaviour:
  m_CorrespondingSourceObject: {fileID: 1951800139748823388, guid: 16ff5a01718da42e08c2f245c2f7c0b5,
    type: 3}
  m_PrefabInstance: {fileID: 1824084089494455390}
  m_PrefabAsset: {fileID: 0}
  m_GameObject: {fileID: 0}
  m_Enabled: 1
  m_EditorHideFlags: 0
  m_Script: {fileID: -765806418, guid: f70555f144d8491a825f0804e09c671c, type: 3}
  m_Name: 
  m_EditorClassIdentifier: 
